<?xml version="1.0" encoding="UTF-8"?><collection xmlns="http://www.loc.gov/MARC21/slim"><record><leader>00354nam--2200133-i-4500</leader><controlfield tag="001">000032541</controlfield><controlfield tag="002">20161230</controlfield><controlfield tag="005">20170118181432</controlfield><controlfield tag="008">060222s1000------------r-----000-0-eng-d</controlfield><datafield ind1=" " ind2=" " tag="245"><subfield code="a">Mitteilungen aus dem Max-Planck=institut fur aeronomie</subfield></datafield><datafield ind1=" " ind2=" " tag="260"><subfield code="a">Berlin</subfield><subfield code="b">Springer-Verlag</subfield><subfield code="c">1961</subfield></datafield><datafield ind1=" " ind2=" " tag="700"><subfield code="a">Dieminger, W</subfield></datafield><datafield ind1=" " ind2=" " tag="852"><subfield code="a">7099</subfield></datafield><datafield ind1=" " ind2=" " tag="CAT"><subfield code="a">SYS</subfield><subfield code="c">20170118</subfield><subfield code="h">181432</subfield></datafield></record></collection>